ARTICLE{
  key = "{}",
  title = "{}",
  journal = "",
  year = "",
  pages = ""
}

BOOK{
  author = "
  title = "
  publisher = "
  address = "
  year = "
  isbn = "
}


@preamble{ "\newcommand{\noopsort}[1]{} "
	# "\newcommand{\printfirst}[2]{#1} "
	# "\newcommand{\singleletter}[1]{#1} "
	# "\newcommand{\switchargs}[2]{#2#1} " }

@BOOK{Tuomi-1980,
  author = "Tuomo Tuomi",
  title = "{Suomen kielen k채채nteissanakirja}",
  publisher = "Suomalaisen Kirjallisuuden Seura",
  address = "Helsinki",
  year = "1980",
  isbn = "951--717--217--6"
}

@BOOK{Brodda-1981,
  author = "Benny Brodda and Fred Karlsson",
  title = "{An Experiment With Automatic Morphological Analysis of Finnish}",
  publisher = "Helsingin yliopisto. Yleisen kielitieteen laitos",
  address = "Helsinki",
  year = "1981"
  isbn = "951--45--2257--5"
}

@BOOK{Koskenniemi-1983,
  author = "Kimmo Koskenniemi",
  title = "{Two-Level Morphology: A General Computational Model for Word-Form
           Recognition and Production}",
  publisher = "Helsingin yliopisto. Yleisen kielitieteen laitos",
  address = "Helsinki",
  year = "1983",
  isbn = "951--45--3201--5"
}

@BOOK{Karlsson-1985,
  editor = "Fred Karlsson",
  title = "{Computational Morphosyntax: Report on Research 1981--84}",
  publisher = "Helsingin yliopisto. Yleisen kielitieteen laitos",
  address = "Helsinki",
  year = "1985",
  isbn = "951--45--3691--6"
}

@BOOK{Karlsson-1983,
  author = "Fred Karlsson",
  title = "Suomen kielen 채채nne- ja muotorakenne",
  publisher = "WSOY",
  address = "Porvoo",
  year = "1983"
}
